@article{verheul2017remote,
    author = {Verheul, Eric R.},
    title = {Remote Document Encryption - encrypting data for e-passport holders},
    year = {2017},
    doi = {10.48550/ARXIV.1704.05647},
    url = {https://arxiv.org/abs/1704.05647},
    publisher = {arXiv},
}

@article{verheul2020secure,
    author = {Verheul, Eric R.},
    title = {A secure filesender service based on Remote Document Encryption},
    year = {2020},
}

@techreport{icao9303securitymechanisms,
    author = {International Civil Aviation Organization},
    title = {Doc 9303 Machine Readable Travel Documents - Part 11: Security Mechanisms for MRTDs},
    institution = {ICAO},
    year = {2021},
}